@article{gardner2006confidence,
  title={Confidence-based marking--towards deeper learning and better exams},
  author={Gardner-Medwin, Anthony},
  journal={Computer Assisted Assessment},
  pages={141--149},
  year={2006},
  publisher={Loughborough University}
}

@inproceedings{gardner2011learning,
  title={Learning and confidence-based assessment},
  author={Gardner-Medwin, Anthony},
  booktitle={Proceedings of the 15th International Conference on Computer Assisted Assessment},
  year={2011},
  organization={University of Southampton}
}

@incollection{flavell1976metacognitive,
  title={Metacognitive aspects of problem solving},
  author={Flavell, John H},
  booktitle={The Nature of Intelligence},
  pages={231--235},
  year={1976},
  publisher={Lawrence Erlbaum Associates},
  editor={Resnick, Lauren B}
}

@article{dunlosky2011four,
  title={Four cornerstones of calibration research: Why understanding students' judgments can improve their achievement},
  author={Dunlosky, John and Metcalfe, Janet},
  journal={Learning and Instruction},
  volume={21},
  number={3},
  pages={381--389},
  year={2011},
  publisher={Elsevier}
}

@article{fleming2010knowing,
  title={The neural basis of metacognitive ability},
  author={Fleming, Stephen M and Dolan, Raymond J},
  journal={Philosophical Transactions of the Royal Society B},
  volume={365},
  number={1538},
  pages={1947--1958},
  year={2010},
  publisher={The Royal Society}
}

@article{gardner1995confidence,
  title={Confidence assessment in the teaching of basic science},
  author={Gardner-Medwin, Anthony},
  journal={ALT-J},
  volume={3},
  number={1},
  pages={80--85},
  year={1995},
  publisher={Taylor \& Francis}
}

@article{schraw1994metacognitive,
  title={Metacognitive theories},
  author={Schraw, Gregory and Moshman, David},
  journal={Educational Psychology Review},
  volume={7},
  number={4},
  pages={351--371},
  year={1994},
  publisher={Springer}
}

@article{chen2017calibration,
  title={On calibration of modern neural networks},
  author={Guo, Chuan and Pleiss, Geoff and Sun, Yu and Weinberger, Kilian Q},
  journal={International Conference on Machine Learning},
  pages={1321--1330},
  year={2017},
  organization={PMLR}
}

@article{koriat2012confidence,
  title={When are two heads better than one and why?},
  author={Koriat, Asher},
  journal={Science},
  volume={336},
  number={6079},
  pages={360--362},
  year={2012},
  publisher={American Association for the Advancement of Science}
}

@article{brown2020language,
  title={Language models are few-shot learners},
  author={Brown, Tom and Mann, Benjamin and Ryder, Nick and Subbiah, Melanie and Kaplan, Jared D and Dhariwal, Prafulla and Neelakantan, Arvind and Shyam, Pranav and Sasikumar, Girish and Askell, Amanda and others},
  journal={Advances in Neural Information Processing Systems},
  volume={33},
  pages={1877--1901},
  year={2020}
}

@article{desai2020calibration,
  title={Calibration of pre-trained transformers},
  author={Desai, Shrey and Durrett, Greg},
  journal={Proceedings of the 2020 Conference on Empirical Methods in Natural Language Processing},
  pages={295--302},
  year={2020}
}

@article{jiang2021can,
  title={Can machines learn morality? The delphi experiment},
  author={Jiang, Liwei and Hwang, Jena D and Bhagavatula, Chandra and Le Bras, Ronan and Forbes, Maxwell and Borchardt, Jon and Liang, Jenny and Etzioni, Oren and Sap, Maarten and Choi, Yejin},
  journal={arXiv preprint arXiv:2110.07574},
  year={2021}
}

@inproceedings{kull2017beyond,
  title={Beyond sigmoids: How to obtain well-calibrated probabilities from binary classifiers},
  author={Kull, Meelis and Silva Filho, Telmo and Flach, Peter},
  booktitle={Electronic proceedings of the ECML-PKDD 2017 workshop on advances in interpretable machine learning},
  year={2017}
}

@article{metacognition_accuracy2019,
  title={Metacognitive accuracy and uncertainty processing in depressive realism},
  author={Rouault, Marion and Seow, Tobias and Gillan, Claire M and Fleming, Stephen M},
  journal={Psychological Medicine},
  volume={49},
  number={8},
  pages={1308--1318},
  year={2019},
  publisher={Cambridge University Press}
}

@article{kruger1999unskilled,
  title={Unskilled and unaware of it: how difficulties in recognizing one's own incompetence lead to inflated self-assessments},
  author={Kruger, Justin and Dunning, David},
  journal={Journal of Personality and Social Psychology},
  volume={77},
  number={6},
  pages={1121--1134},
  year={1999},
  publisher={American Psychological Association}
}

@article{ban2021confidence,
  title={Confidence-based learning in stochastic network calculus},
  author={Ban, Yuming and Cordeiro, Daniel and Ghamri-Doudane, Yacine and Agoulmine, Nazim},
  journal={Computer Networks},
  volume={186},
  pages={107635},
  year={2021},
  publisher={Elsevier}
}

@inproceedings{mindermann2021teaching,
  title={Teaching language models to express their uncertainty in words},
  author={Mindermann, S{\"o}ren and Sully, Jared and Bamford, Rowan and Teh, Yee Whye and Gal, Yarin},
  booktitle={Advances in Neural Information Processing Systems},
  year={2021}
}

@article{ovadia2019can,
  title={Can you trust your model's uncertainty? Evaluating predictive uncertainty under dataset shift},
  author={Ovadia, Yaniv and Fertig, Emily and Ren, Jie and Nado, Zachary and Sculley, D and Nowozin, Sebastian and Dillon, Joshua and Lakshminarayanan, Balaji and Snoek, Jasper},
  journal={Advances in Neural Information Processing Systems},
  volume={32},
  year={2019}
}

@article{band2021benchmarking,
  title={Benchmarking bayesian deep learning on diabetic retinopathy detection tasks},
  author={Band, Neil and Rudner, Tim GJ and Feng, Qixuan and Filos, Angelos and Nado, Zachary and Dusenberry, Michael W and Jerfel, Ghassen and Tran, Dustin and Gal, Yarin},
  journal={Advances in Neural Information Processing Systems},
  volume={34},
  pages={28928--28943},
  year={2021}
}

@article{liang2022holistic,
  title={Holistic evaluation of language models},
  author={Liang, Percy and Bommasani, Rishi and Lee, Tony and Tsipras, Dimitris and Soylu, Dilara and Yasunaga, Michihiro and Zhang, Yuhui and Narayanan, Deepak and Wu, Yuhuai and Kumar, Ananya and others},
  journal={arXiv preprint arXiv:2211.09110},
  year={2022}
}

@article{xiong2023large,
  title={Large language models are not robust multiple choice selectors},
  author={Xiong, Chujie and Power, Jordan and Schuster, Tal},
  journal={arXiv preprint arXiv:2309.03882},
  year={2023}
}

@inproceedings{kadavath2022language,
  title={Language models (mostly) know what they know},
  author={Kadavath, Saurav and Conerly, Tom and Askell, Amanda and Henighan, Tom and Drain, Dawn and Perez, Ethan and Schiefer, Nicholas and Hatfield-Dodds, Zac and DasSarma, Nova and Tran-Johnson, Eli and others},
  booktitle={NeurIPS ML Safety Workshop},
  year={2022}
}

@article{evans2021truthful,
  title={Truthful AI: Developing and governing AI that does not lie},
  author={Evans, Owain and Cotton-Barratt, Owen and Finnveden, Lukas and Bales, Adam and Balwit, Avital and Wills, Peter and Righetti, Luca and Saunders, William},
  journal={arXiv preprint arXiv:2110.06674},
  year={2021}
}

@article{hendrycks2021measuring,
  title={Measuring massive multitask language understanding},
  author={Hendrycks, Dan and Burns, Collin and Basart, Steven and Zou, Andy and Mazeika, Mantas and Song, Dawn and Steinhardt, Jacob},
  journal={Proceedings of the International Conference on Learning Representations},
  year={2021}
}

@article{anthropic2022constitutional,
  title={Constitutional AI: Harmlessness from AI Feedback},
  author={Bai, Yuntao and Kadavath, Saurav and Kundu, Sandipan and Askell, Amanda and Kernion, Jackson and Jones, Andy and Chen, Anna and Goldie, Anna and Mirhoseini, Azalia and McKinnon, Cameron and others},
  journal={arXiv preprint arXiv:2212.08073},
  year={2022}
}

@article{openai2023gpt4,
  title={GPT-4 Technical Report},
  author={OpenAI},
  journal={arXiv preprint arXiv:2303.08774},
  year={2023}
}

@article{touvron2023llama,
  title={Llama 2: Open foundation and fine-tuned chat models},
  author={Touvron, Hugo and Martin, Louis and Stone, Kevin and Albert, Peter and Almahairi, Amjad and Babaei, Yasmine and Bashlykov, Nikolay and Batra, Soumya and Bhargava, Prajjwal and Bhosale, Shruti and others},
  journal={arXiv preprint arXiv:2307.09288},
  year={2023}
}

@article{assessment_validity2020,
  title={Validity and reliability in educational assessment: A systematic review},
  author={Taherdoost, Hamed},
  journal={International Journal of Academic Research in Management},
  volume={9},
  number={1},
  pages={1--7},
  year={2020}
}

@article{educational_ai_2023,
  title={Artificial intelligence in education: A comprehensive review},
  author={Chen, Lijia and Chen, Pingping and Lin, Zhijian},
  journal={Educational Technology \& Society},
  volume={26},
  number={2},
  pages={58--75},
  year={2023}
}

@inproceedings{automated_question_generation2022,
  title={Automated question generation for educational assessment: A survey},
  author={Pan, Liangming and Lei, Wenqiang and Chua, Tat-Seng and Kan, Min-Yen},
  booktitle={Proceedings of the 60th Annual Meeting of the Association for Computational Linguistics},
  pages={5243--5258},
  year={2022}
}

@article{metacognitive_strategies2018,
  title={Metacognitive strategies and academic achievement: A meta-analysis},
  author={Ohtani, Katsuhiro and Hisasaka, Takeshi},
  journal={Educational Psychology Review},
  volume={30},
  number={4},
  pages={1339--1365},
  year={2018},
  publisher={Springer}
}